@article{dijkstra1959note,
  title={A note on two problems in connexion with graphs},
  author={Dijkstra, Edsger W},
  journal={Numerische mathematik},
  volume={1},
  number={1},
  pages={269--271},
  year={1959},
  publisher={Springer}
}

@inproceedings{olsen2014efficient,
  title={Efficient top-k closeness centrality search},
  author={Olsen, Paul W and Labouseur, Alan G and Hwang, Jeong-Hyon},
  booktitle={Data Engineering (ICDE), 2014 IEEE 30th International Conference on},
  pages={196--207},
  year={2014},
  organization={IEEE}
}

@inproceedings{zhao2014measuring,
  title={Measuring and maximizing group closeness centrality over disk-resident graphs},
  author={Zhao, Junzhou and Lui, John and Towsley, Don and Guan, Xiaohong},
  booktitle={Proceedings of the 23rd International Conference on World Wide Web},
  pages={689--694},
  year={2014},
  organization={ACM}
}

@article{borassi2015fast,
  title={Fast and simple computation of top-k closeness centralities},
  author={Borassi, Michele and Crescenzi, Pierluigi and Marino, Andrea},
  journal={arXiv preprint arXiv:1507.01490},
  year={2015}
}

@inproceedings{bergamini2016computing,
  title={Computing top-k closeness centrality faster in unweighted graphs},
  author={Bergamini, Elisabetta and Borassi, Michele and Crescenzi, Pierluigi and Marino, Andrea and Meyerhenke, Henning},
  booktitle={2016 Proceedings of the Eighteenth Workshop on Algorithm Engineering and Experiments (ALENEX)},
  pages={68--80},
  year={2016},
  organization={SIAM}
}

@Inbook{Chen2016,
author="Chen, Chen
and Wang, Wei
and Wang, Xiaoyang",
editor="Cheema, Muhammad Aamir
and Zhang, Wenjie
and Chang, Lijun",
title="Efficient Maximum Closeness Centrality Group Identification",
bookTitle="Databases Theory and Applications: 27th Australasian Database Conference, ADC 2016, Sydney, NSW, September 28-29, 2016, Proceedings",
year="2016",
publisher="Springer International Publishing",
address="Cham",
pages="43--55",
isbn="978-3-319-46922-5",
doi="10.1007/978-3-319-46922-5_4",
url="http://dx.doi.org/10.1007/978-3-319-46922-5_4"
}

